2592 4292
426 441 482 494 ΟΝ
502 440 587 493 ΤΗΕ
607 440 736 492 BRINK

439 587 492 644 Me
507 603 587 661 para,
604 585 632 646 Ο
647 584 689 643 ml
705 583 846 657 Domine,

478 693 515 750 In
530 693 612 751 diem
627 709 771 768 magnum
786 709 874 764 eum;

438 802 492 860 Me
505 800 571 858 lava
585 800 655 858 Tuo
668 799 823 875 sanguine,

478 909 639 966 Peccatum
654 906 727 965 tolle
740 924 851 965 meum.

356 1096 424 1170 Jam
438 1095 528 1170 pauci
542 1095 652 1154 cadent
666 1095 746 1152 soles

397 1203 469 1260 Post
484 1201 576 1261 colles
590 1202 645 1260 has
659 1210 821 1271 terrestres,

356 1308 415 1365 Sed
430 1305 528 1380 nobis,
544 1309 609 1367 sine
623 1308 695 1378 sole,

397 1415 537 1492 Fulgebit
551 1415 603 1473 lux
617 1415 762 1474 caelestis:

436 1523 489 1580 Me
504 1540 583 1598 para,
599 1521 627 1582 Ο
642 1521 684 1579 ml
700 1521 841 1590 Domine,

478 1629 515 1686 In
530 1629 612 1687 diem
627 1628 741 1686 clarum
756 1646 845 1699 eum;

438 1735 490 1792 Me
503 1734 571 1792 lava
585 1736 654 1792 Tuo
670 1735 823 1811 sanguine,

475 1841 638 1899 Peccatum
652 1840 726 1899 tolle
740 1859 849 1899 meum.

355 2019 447 2078 Pauci
460 2020 522 2094 jam
537 2021 645 2079 fluctus
660 2019 796 2096 quatient

394 2127 465 2185 Hoc
480 2127 551 2185 litus
566 2128 772 2204 scopulosum,

352 2232 432 2290 Tum
446 2233 524 2291 ultra
537 2245 644 2294 ventos
658 2235 778 2306 erimus,

394 2341 434 2399 Et
447 2350 554 2399 aestum
569 2343 735 2401 furiosum:

434 2447 488 2506 Me
501 2466 582 2524 para,
599 2447 628 2508 Ο
642 2448 685 2505 ml
700 2447 841 2519 Domine,

475 2553 512 2611 In
529 2552 610 2614 diem
624 2572 748 2613 suavem
764 2573 855 2628 eum;

435 2660 489 2718 Me
503 2661 571 2718 lava
584 2662 654 2720 Tuo
669 2662 825 2738 sangnine,

473 2768 637 2826 Peccatum
652 2768 725 2827 tolle
739 2786 851 2826 meum.

352 2954 452 3012 Pauca
467 2955 594 3031 posthac
609 2956 785 3027 certamina,

393 3061 501 3119 Paucae
515 3061 727 3134 discessiones,

354 3166 393 3224 Et
407 3166 547 3240 lacrimae,
563 3168 617 3227 sed
631 3169 694 3226 illic

392 3274 492 3332 Nullae
505 3273 708 3351 plorationes:

432 3381 484 3437 Me
497 3398 578 3456 para,
594 3380 623 3440 Ο
638 3379 680 3438 ml
694 3379 835 3451 Domine,

473 3486 510 3543 In
525 3484 607 3545 diem
622 3496 739 3563 gratum
754 3505 842 3559 eum;

433 3595 487 3654 Me
500 3595 567 3654 lava
581 3597 650 3655 Tuo
665 3594 819 3673 sanguine,

468 3702 630 3760 Peccatum
645 3703 718 3760 tolle
731 3720 841 3762 meum.
