2592 4292
434 401 491 455 ΟΝ
510 402 596 456 ΤΗΕ
616 403 748 456 BRlNK

325 547 467 607 Amantis
481 549 607 624 patriam
623 567 732 608 vocem
746 550 870 624 claram,

326 655 480 715 Coronam
494 674 598 732 regum
612 657 706 716 fronti
721 661 844 716 caram?

365 759 493 820 Dilectis
508 761 575 821 Suis
589 780 731 820 somnum
746 763 808 822 dat.

327 960 483 1019 ‘Dormite
497 958 611 1032 leniter,
629 959 752 1033 dilecti‚'

326 1067 485 1125 Interdum
500 1066 639 1138 dicimm,
655 1066 772 1127 indocti

365 1173 448 1247 Quid
464 1174 542 1232 mala
557 1172 676 1233 somnia
690 1175 782 1249 pellat
791 1195 800 1247 ;

324 1278 384 1337 Sed
399 1298 555 1356 nunquam
570 1281 724 1339 somnium
737 1280 862 1358 lugubre

324 1384 472 1445 Turbabit
487 1386 685 1459 dormientes,
701 1385 753 1446 ubi

366 1492 493 1550 Dilectis
508 1491 575 1551 Suis
591 1510 732 1550 somnum
747 1493 808 1553 dat.

325 1691 354 1752 Ο
368 1699 454 1762 terra,
470 1709 615 1750 resonans
630 1692 777 1751 stridore!

325 1798 353 1858 O
368 1798 470 1870 homo,
486 1797 564 1857 tristi
578 1817 703 1874 gemens
719 1803 789 1859 ore!

364 1907 490 1977 Aurum,
506 1905 590 1981 quod
605 1906 711 1965 fletum
725 1917 870 1982 provocat

325 2012 365 2070 Et
379 2011 491 2070 rixam!
513 2012 638 2072 damnat
654 2015 739 2072 Deus
752 2024 859 2084 totum,

325 2117 452 2176 Silentio
466 2119 590 2177 tandem
605 2119 638 2178 fit
653 2119 799 2179 devotum
807 2140 816 2191 ;

367 2224 497 2284 Dilectis
512 2225 580 2284 Suis
596 2244 736 2286 somnum
752 2227 811 2285 dat.

326 2409 456 2469 Silenter
470 2428 552 2468 rores
567 2420 704 2469 montem
719 2411 812 2482 alunt,

325 2516 456 2576 Silenter
469 2515 566 2575 nubes
581 2535 671 2593 supra
684 2517 796 2588 volant,

366 2623 410 2684 Ut
424 2622 553 2682 rusticus
569 2632 647 2682 serat
663 2633 692 2681 et
707 2633 801 2682 metat
810 2645 819 2697 ;

326 2729 451 2787 Mollius
466 2748 557 2805 quam
571 2728 714 2788 labuntur
728 2748 818 2802 rores,

326 2835 472 2895 Blandius
487 2854 577 2912 quam
592 2837 729 2896 feruntur
743 2835 848 2909 nubes,

367 2941 495 3001 Dilectis
510 2943 577 3001 Suis
593 2960 737 3002 somnum
751 2943 810 3003 dat

326 3127 476 3188 Mirentur
489 3127 622 3206 quidam,
638 3128 806 3205 cogitantes

327 3237 461 3296 AEtatem
478 3235 609 3294 hominis
623 3232 760 3308 viventis,

367 3340 429 3416 Qui
443 3341 502 3402 tale
516 3342 611 3400 otium
627 3352 804 3414 conservat3

326 3448 386 3508 Sed
401 3447 485 3507 aiunt
497 3447 597 3524 angeli
611 3448 701 3520 beati,

327 3556 374 3626 Et,
391 3565 424 3614 ut
438 3553 555 3632 opinor,
572 3553 700 3626 hilarati,

367 3659 497 3720 Dilectis
512 3659 581 3720 Suis
597 3678 739 3719 somnum
755 3659 815 3718 dat.
841 3730 843 3735 Ι
