2592 4292
409 417 519 471 HOLY
538 417 788 472 ASPIRATION

247 561 275 622 O
290 561 352 622 Cor
366 563 545 636 misericors,
560 565 706 625 bonitatis
719 566 853 642 plenum,

246 669 363 728 Amans
376 671 425 729 vel
439 670 602 747 improbos
618 682 742 732 maneto
757 691 885 732 mecum.

248 849 286 907 In
297 849 457 924 juventute
470 851 625 911 arridebas
640 853 724 925 mihi,

247 957 361 1032 Meque
374 976 556 1034 perversum,
571 959 762 1018 resistentem
776 958 856 1032 Tibi,

247 1065 319 1122 Non
333 1064 571 1141 reliquisti—me
585 1063 792 1142 perfidiosum,

247 1169 356 1245 Usque
370 1171 409 1231 ad
424 1172 525 1244 finem,
542 1172 569 1233 O
584 1183 708 1233 maneto
723 1192 852 1233 mecum.

247 1351 382 1428 Requiro
396 1354 442 1412 Te
456 1352 555 1428 fugaci
570 1353 654 1417 omni
668 1353 752 1425 hori,

247 1457 380 1518 Hostem
394 1457 461 1534 quis
475 1457 575 1519 vincet
589 1459 655 1519 sine
668 1458 763 1537 gratio
775 1459 865 1519 cari?

248 1563 324 1637 Quis
339 1563 397 1623 nisi
411 1566 459 1623 Tu
473 1573 609 1626 tutamen
625 1567 681 1626 erit
695 1568 822 1625 verum?

247 1670 379 1730 Noctem
393 1670 543 1748 diemque,
560 1673 589 1734 Ο
604 1683 728 1732 maneto
742 1676 880 1732 mecum!

247 1865 293 1923 Te
307 1864 481 1940 adjuvante,
498 1884 609 1941 sperno
624 1884 709 1927 meos
725 1867 836 1939 hostes,

249 1971 332 2028 Mala
346 1971 458 2047 inepta,
474 1972 605 2031 lacrimae
620 1991 683 2032 non
697 1972 816 2047 tristes;

247 2077 370 2136 Victum
384 2080 572 2155 sepulerum3
594 2081 689 2152 Mors,
706 2079 734 2140 Ο
749 2080 801 2139 ubi
815 2079 932 2139 telum?

248 2185 373 2262 Semper
387 2186 549 2263 triumpho,
566 2188 612 2246 Te
626 2196 770 2247 manente
784 2205 913 2247 mecum.

248 2375 294 2432 Mi
308 2377 454 2436 morituro
468 2375 626 2436 manifesta
641 2395 770 2449 crucem,

248 2481 298 2540 Ad
312 2482 402 2541 caelos
417 2482 518 2556 innue,
534 2483 671 2543 diffunde
685 2484 784 2543 lucem
796 2505 804 2557 ;

249 2589 330 2648 Ecce
343 2590 477 2648 Aurora!
500 2591 654 2650 evanescit
669 2591 777 2662 velum,

251 2694 319 2753 vito
333 2705 500 2772 morteque,
516 2696 544 2757 O
560 2706 683 2756 maneto
698 2716 825 2756 mecum.

525 3157 668 3216 XXXIII

330 3335 413 3410 Qurs
428 3336 502 3394 mihi
517 3354 569 3396 eor
583 3337 779 3414 tranquillum
794 3339 887 3411 dabit,

371 3443 411 3501 Et
426 3444 495 3502 Deo
509 3444 577 3519 plus
592 3443 820 3521 propinquum?

333 3547 410 3621 Quis
424 3549 499 3608 mihi
515 3551 596 3609 viam
610 3550 773 3611 luminabit

372 3655 449 3728 Quae
463 3657 554 3716 ducat
570 3677 619 3718 me
634 3660 675 3718 ad
688 3659 836 3735 Agnum?
