2592 4292
456 408 540 460 THE
562 409 734 463 CHURCH

286 556 356 626 Arx,
372 573 462 630 rupes
477 565 507 614 et
523 555 614 615 robur
628 557 664 614 iis
678 555 769 629 fuisti,

286 661 424 720 Victores
438 659 470 720 in
485 664 586 739 pugna
600 681 653 721 eos
668 660 775 734 fecisti,

285 766 373 825 Solus
388 765 419 824 in
434 766 568 827 tenebris
583 769 686 827 lumen
701 766 822 827 dedisti.

634 876 767 934 Alleluia
778 877 784 932 l

285 1018 425 1092 Pugnent
437 1018 499 1092 jam
514 1019 625 1077 milites
640 1020 732 1077 fortes
751 1028 781 1076 et
795 1017 858 1089 fidi,

284 1125 328 1184 Ut
342 1124 413 1183 olim
429 1125 579 1185 certarunt
593 1124 654 1184 Tui
668 1125 767 1198 amici,

284 1230 363 1291 Cum
379 1231 414 1289 iis
429 1232 589 1307 cingantur
602 1233 716 1290 corona
729 1229 853 1291 victrici.

630 1338 762 1397 Alleluia
774 1341 779 1394 l

282 1481 366 1539 Felix
381 1484 519 1554 societas,
535 1501 552 1541 e
566 1484 641 1541 caelo
656 1485 745 1540 nata!

282 1587 380 1646 Nobis
395 1598 558 1661 certamen,
574 1588 611 1647 iis
624 1589 720 1665 gloria
735 1590 806 1647 data
815 1610 824 1661 3

283 1695 344 1754 Sed
358 1714 465 1755 omnes
479 1707 549 1755 sunt
563 1695 686 1768 Christi,
702 1697 868 1754 eoncordia
881 1697 955 1754 laeta

629 1801 761 1860 Alleluia
773 1805 779 1859 l

282 1945 321 2003 Et
335 1945 409 2005 dum
425 1948 590 2006 certamine
606 1947 660 2005 diu
675 1944 793 2004 saevitur

281 2053 346 2109 En!
368 2053 457 2129 longe
472 2053 616 2129 triumphi
631 2062 738 2111 cantus
752 2051 880 2124 auditur,

281 2159 320 2217 Et
334 2158 435 2218 cordis
450 2169 480 2218 et
495 2159 609 2218 brachii
624 2161 716 2218 robur
730 2158 873 2219 munitur.

627 2266 761 2324 Alleluia
772 2268 778 2322 l

278 2409 346 2484 Jam
361 2410 443 2468 aurei
457 2410 574 2486 vesperi
589 2410 688 2484 fulgor
702 2418 864 2484 spectatur,

280 2515 319 2572 Et
332 2514 402 2574 fidis
417 2515 563 2574 militibus
578 2515 663 2591 quies
677 2524 807 2590 paratur,

280 2621 387 2680 Dulcis
403 2620 539 2682 Paradisi
553 2641 625 2681 aura
640 2623 777 2698 spiratur.

627 2726 759 2785 Alleluia
770 2729 776 2784 l

278 2870 348 2942 Sed,
364 2890 443 2944 ecce,
460 2871 573 2931 dilucet
587 2871 751 2948 splendens
766 2872 890 2943 Aurora,

278 2977 380 3037 Sancti
394 2979 545 3056 fulgentes
559 2988 717 3054 resurgunt
731 2997 748 3036 e
763 2979 847 3049 terri,

276 3085 399 3144 Transit
414 3086 482 3144 Rex
497 3086 568 3162 Ipse
582 3084 679 3162 gloria
692 3085 842 3160 praeclara.

623 3192 755 3250 Alleluia
766 3195 773 3251 l

277 3335 405 3397 Telluris
420 3335 534 3396 ultimis
549 3357 566 3396 e
581 3335 763 3414 regionibus,

277 3446 382 3504 Portas
396 3444 426 3502 in
441 3462 595 3520 gemmeas
608 3442 699 3501 intrat
713 3442 889 3500 innumerus

276 3551 392 3622 Coetus,
408 3548 556 3613 Triunum
571 3550 719 3608 extollens
732 3547 869 3621 vocibus,

625 3659 632 3685 ‘
643 3655 773 3714 Alleluia
785 3657 790 3710 l
