2592 4292
400 405 510 457 HOLY
530 404 776 458 ASPIRATION

529 637 648 693 XXXV

319 793 368 878 Tu
383 820 503 890 invoco,
519 818 647 879 Creator
661 819 755 890 Deus,

323 927 402 984 Nam
418 922 567 985 maximus
582 934 627 984 est
642 926 741 984 luctus
756 944 849 1000 meus,

320 1032 370 1091 Ad
384 1034 469 1091 Tuos
485 1033 579 1107 pedes
594 1031 684 1090 miser
698 1031 786 1105 cad0‚

319 1141 515 1198 Trementem
532 1147 665 1197 mentem
679 1139 829 1214 adjuvato.

320 1325 381 1401 Qui
396 1326 493 1384 sessos
501 1325 587 1400 juvas
602 1334 632 1383 et
647 1324 794 1399 desertos,

319 1432 365 1490 Te
380 1432 479 1491 solum
494 1429 665 1490 obsecrabo
679 1440 821 1504 maestus3

320 1541 374 1610 Te,
390 1539 476 1615 cujus
489 1540 590 1614 januae
604 1547 742 1614 patentes

320 1644 455 1704 Invitant
469 1643 568 1704 tristes
584 1655 614 1703 et
629 1655 762 1720 egentes.

318 1831 368 1888 An
383 1847 517 1905 unquam
532 1827 622 1889 miser
635 1832 682 1889 Te
696 1830 791 1890 oravit

320 1939 385 1996 Nec
400 1935 532 2013 repperit
547 1937 630 2012 quod
645 1937 840 2015 imploravit?

320 2044 433 2102 Nonne
447 2043 573 2103 verbum
588 2063 707 2121 semper
721 2043 803 2104 stetit

321 2151 439 2210 ‘Nemo
452 2168 501 2211 me
516 2150 718 2226 nequicquam
732 2152 846 2227 petit'?

319 2337 390 2395 Non
405 2354 528 2413 possem
544 2337 647 2395 tollere
663 2337 794 2406 dolores,

318 2442 359 2514 Si,
375 2460 424 2500 me
438 2453 590 2518 precante,
606 2444 655 2501 Tu
670 2443 772 2502 sileres
781 2465 791 2518 ;

317 2550 372 2621 Te,
388 2549 468 2621 novi,
484 2567 589 2624 preces
603 2548 778 2608 audientem

318 2655 373 2726 Te,
389 2673 458 2713 mea
472 2673 565 2714 onera
578 2656 739 2714 levantem.

319 2843 449 2900 Amoena
464 2840 538 2900 mihi
553 2861 617 2901 sors
631 2852 752 2919 paratur

320 2948 422 3022 Quum
438 2948 504 3006 caeli
519 2950 586 3007 Rex
599 2968 655 3026 pro
669 2968 718 3008 me
733 2961 888 3027 precatur;

319 3053 381 3126 Qui
396 3052 503 3112 mundi
517 3054 634 3131 gaudiis
647 3057 791 3132 juvantur

318 3161 395 3219 Tam
411 3160 479 3218 laeta
493 3171 573 3220 sorte
589 3179 652 3220 non
667 3162 814 3221 fruuntur.

318 3347 453 3409 Tametsi
468 3367 581 3426 pauper
596 3367 663 3407 sum
678 3358 710 3408 et
723 3361 850 3426 spretus,

318 3456 346 3512 A
362 3456 430 3514 Deo
445 3464 547 3514 tamen
561 3474 624 3513 non
640 3452 774 3529 oblitus;

319 3561 350 3620 Is
365 3561 464 3620 salvus
478 3562 534 3620 erit
548 3572 578 3620 et
592 3559 708 3633 beatus,

319 3667 351 3728 Si
364 3671 453 3744 Jesus
467 3670 533 3745 ejus
546 3669 723 3728 advocatus.

575 3793 592 3835 F
